% This file was created with JabRef 2.9.2.
% Encoding: MacRoman

@TECHREPORT{websurvey,
  author = {Netcraft},
  title = {January 2013 Web Server Survey},
  institution = {NETCRAFT LTD},
  year = {2013},
  address = {http://news.netcraft.com/archives/2013/01/07/january-2013-web-server-survey-2.html},
  owner = {christianbromann},
  timestamp = {2013.05.31}
}

